@misc{decoder,
  author = {{Kartik Chaudhary}},
  howpublished = {\url{https://towardsdatascience.com/boosting-your-sequence-generation-performance-with-beam-search-language-model-decoding-74ee64de435a}},
  title =  {Boosting your Sequence Generation Performance with ‘Beam-search + Language model’ decoding},
  year = {2020},
  month = {3},
}

@misc{forbes,
  author = {{Kalev Leetaru}},
  howpublished = {\url{https://www.forbes.com/sites/kalevleetaru/2019/06/23/automated-speech-recognition-yields-more-consistent-results-than-human-captioning/?sh=7a6c00db17ec}},
  title =  {Automated Speech Recognition Yields More Consistent Results Than Human Captioning},
  year = {2019},
  month = {7},
}

@misc{nemo,
  author = {{Jocelyn Huang, Yang Zhang, Boris Ginsburg, Poonam Chitale}},
  howpublished = {\url{https://sid2697.github.io/Blog_Sid/algorithm/2019/10/19/CTC-Loss.html}},
  title =  {Develop Smaller Speech Recognition Models with NVIDIA’s NeMo Framework},
  year = {2019},
  month = {12},
}

@misc{cnn,
  author       = {{Rohit Thanki and Surekha Borra}},
  howpublished = {\url{https://www.sciencedirect.com/topics/engineering/convolutional-neural-network}},
  title        = {Machine Learning in Bio-Signal Analysis and Diagnostic Imaging (2019)},
}

@inproceedings{Zeghidour2018,
  author={Neil Zeghidour and Nicolas Usunier and Gabriel Synnaeve and Ronan Collobert and Emmanuel Dupoux},
  title={End-to-End Speech Recognition from the Raw Waveform},
  year=2018,
  booktitle={Proc. Interspeech 2018},
  pages={781--785},
  doi={10.21437/Interspeech.2018-2414},
  url={http://dx.doi.org/10.21437/Interspeech.2018-2414}
}

@article{w2l,
    title={Wav2Letter: an End-to-End ConvNet-based Speech Recognition System},
    author={Ronan Collobert and Christian Puhrsch and Gabriel Synnaeve},
    year={2016},
    eprint={1609.03193},
    archivePrefix={arXiv},
    primaryClass={cs.LG}
}

@article{las,
    title={Listen, Attend and Spell},
    author={William Chan and Navdeep Jaitly and Quoc V. Le and Oriol Vinyals},
    year={2015},
    eprint={1508.01211},
    archivePrefix={arXiv},
    primaryClass={cs.CL}
}

@article{timedepth,
    title={Sequence-to-Sequence Speech Recognition with Time-Depth Separable Convolutions},
    author={Awni Hannun and Ann Lee and Qiantong Xu and Ronan Collobert},
    year={2019},
    eprint={1904.02619},
    archivePrefix={arXiv},
    primaryClass={cs.CL}
}

@article{attention,
    title={State-of-the-Art Speech Recognition Using Multi-Stream Self-Attention With Dilated 1D Convolutions},
    author={Kyu J. Han and Ramon Prieto and Kaixing Wu and Tao Ma},
    year={2019},
    eprint={1910.00716},
    archivePrefix={arXiv},
    primaryClass={cs.CL}
}

@misc{nyelvekvilaga,
  author       = {{Visual Capitalist}},
  howpublished = {\url{https://www.visualcapitalist.com/wp-content/uploads/2018/05/world-of-languages.html}},
  title        = {Nyelvek világa (2018. május)},
}

@misc{tortenelem,
  author       = {{Wikipedia}},
  howpublished = {\url{https://en.wikipedia.org/wiki/Timeline_of_speech_and_voice_recognition}},
  title        = {Beszéd és hangelismerés idővonala},
  year = {2020},
}

@misc{rnn,
  author       = {{Wikipedia}},
  howpublished = {\url{https://en.wikipedia.org/wiki/Recurrent_neural_network}},
  title        = {Rekurrens Neurális Háló},
  year = {2020},
}

@misc{softmax,
  author       = {{Wikipedia}},
  howpublished = {\url{https://en.wikipedia.org/wiki/Softmax_function}},
  title        = {Softmax függvény},
  year = {2020},
}

@misc{viterbi,
  author       = {{Wikipedia}},
  howpublished = {\url{https://en.wikipedia.org/wiki/Viterbi_algorithm}},
  title        = {Viterbi algoritmus},
  year = {2020},
}

@misc{mfcc,
  author       = {{Wikipedia}},
  howpublished = {\url{https://en.wikipedia.org/wiki/Mel-frequency_cepstrum}},
  title        = {MFCC (2020. november)},
}

@misc{ctc,
  author       = {{Harald Scheidl}},
  howpublished = {\url{https://towardsdatascience.com/intuitively-understanding-connectionist-temporal-classification-3797e43a86c}},
  title        = {CTC},
  year = {2019},
  month = {6},
}

@misc{ctc_sid,
  author       = {{Siddhantl}},
  howpublished = {\url{https://sid2697.github.io/Blog_Sid/algorithm/2019/10/19/CTC-Loss.html}},
  title        = {CTC magyarázata},
  year = {2019},
  month = {10},
}

@article{quartznet,
  author      = {{Samuel Kriman, Stanislav Beliaev, Boris Ginsburg, Jocelyn Huang, Oleksii Kuchaiev,
			Vitaly Lavrukhin, Ryan Leary, Jason Li, Yang Zhang}},
  institution = {Univ. of Illinois Urbana-Champaign, High School of Economics Univ. of Saint Petersburg},
  month       = {10},
  title       = {QUARTZNET: DEEP AUTOMATIC SPEECH RECOGNITION WITH 1D TIME-CHANNEL
SEPARABLE CONVOLUTIONS},
  howpublished = {\url{https://arxiv.org/abs/1910.10261}},
  year        = {2019},
}

@misc{an4,
  author       = {{Evandro Gouvêa}},
  howpublished = {\url{http://www.speech.cs.cmu.edu/databases/an4/}},
  title        = {AN4 hivatalos oldala (2020. november)},
}